@article{painkras2013spinnaker,
	title={SpiNNaker: A 1-W 18-core system-on-chip for massively-parallel neural network simulation},
	author={Painkras, Eustace and Plana, Luis A and Garside, Jim and Temple, Steve and Galluppi, Francesco and Patterson, Cameron and Lester, David R and Brown, Andrew D and Furber, Steve B},
	journal={IEEE Journal of Solid-State Circuits},
	volume={48},
	number={8},
	pages={1943--1953},
	year={2013},
	publisher={IEEE}
}
